%% This BibTeX bibliography file was created using BibDesk.
%% http://bibdesk.sourceforge.net/


%% Created for Kellie Ottoboni at 2016-06-02 14:48:55 -0700 


%% Saved with string encoding Unicode (UTF-8) 



@misc{yu2014datascience,
	Author = {Yu, Bin},
	Date-Added = {2016-06-02 21:46:26 +0000},
	Date-Modified = {2016-06-02 21:48:43 +0000},
	Howpublished = {Institute of Mathematical Statistics (IMS) Presidental Address, ASC-IMS Joint Conference, Sydney},
	Month = {July},
	Title = {Let us own data science},
	Year = {2014},
	url = {https://www.stat.berkeley.edu/~binyu/ps/papers2014/IMS-pres-address14-yu.pdf}
	}

@unpublished{gelman2013garden,
	Author = {Gelman, Andrew and Loken, Eric},
	Date-Added = {2016-06-02 21:39:30 +0000},
	Date-Modified = {2016-06-02 21:40:27 +0000},
	note = {Unpublished paper},
	Title = {The garden of forking paths: Why multiple comparisons can be a problem, even when there is no "fishing expedition" or "p-hacking" and the research hypothesis was posited ahead of time},
	Year = {2013}}

@incollection{buckheit1995wavelab,
	Author = {Buckheit, Jonathan B. and Donoho, David L.},
	Booktitle = {Wavelets and Statistics},
	Editor = {Antoniadis, Anestis and Oppenheim, Georges},
	Publisher = {Springer},
	Title = {Wavelab and reproducible research},
	Year = {1995}}

@incollection{millman2014developing,
	Author = {Millman, K. Jarrod and P{\'e}rez, Fernando},
	Booktitle = {Implementing reproducible research},
	Editor = {Stodden, Victoria and Leisch, Friedrich and Peng, Roger D.},
	Pages = {149--183},
	Publisher = {Chapman and Hall/CRC},
	Title = {Developing open-source scientific practice},
	Year = {2014}}

@mastersthesis{millman2015thesis,
	Author = {Millman, K. Jarrod},
	School = {University of California, Berkeley},
	Title = {\texttt{permute}---a {P}ython package for permutation tests and confidence sets},
	Year = {2015}}

@book{pesarin2010permutation,
	Author = {Pesarin, Fortunato and Salmaso, Luigi},
	Publisher = {John Wiley \& Sons},
	Title = {Permutation tests for complex data: theory, applications and software.},
	Year = {2010}}

@article{macnell2014whats,
	Author = {MacNell, L. and Driscoll, A. and Hunt, A. N.},
	Journal = {Innovative Higher Education},
	Owner = {albor_000},
	Pages = {1-13},
	Timestamp = {2015.02.07},
	Title = {What's in a Name: Exposing Gender Bias in Student Ratings of Teaching},
	Year = {2014}}

@techreport{millman2016case,
	Author = {Millman, K. J. and Stark, P. B. and Ottoboni, K. and Stark, Naomi A. P.},
	Institution = {University of California, Berkeley},
	Title = {A Case Study in Reproducible Applied Statistics: Is Tagging of Therapist-Patient Interactions Reliable?},
	Url = {https://github.com/statlab/nsgk},
	Year = {2016},
	Bdsk-Url-1 = {https://github.com/statlab/nsgk}}
